<record><leader>00000cas a2200000 a 4500</leader><controlfield tag="001">11425462</controlfield><controlfield tag="008">841127d18861960ksuwr ne      0    0eng d</controlfield><controlfield tag="009">3781</controlfield><datafield ind1=" " ind2=" " tag="010"><subfield code="a">sn 84027689 </subfield></datafield><datafield ind1=" " ind2=" " tag="040"><subfield code="a">NPU</subfield><subfield code="b">eng</subfield><subfield code="c">NPU</subfield><subfield code="d">NPT</subfield><subfield code="d">OCL</subfield></datafield><datafield ind1=" " ind2=" " tag="042"><subfield code="a">msc</subfield></datafield><datafield ind1="0" ind2="4" tag="245"><subfield code="a">The Little River monitor.</subfield></datafield><datafield ind1=" " ind2=" " tag="260"><subfield code="a">Little River, Kan. :</subfield><subfield code="b">T.G. Robison,</subfield><subfield code="c">1886-1960.</subfield></datafield><datafield ind1=" " ind2=" " tag="300"><subfield code="a">75 v. :</subfield><subfield code="b">ill. ;</subfield><subfield code="c">51-61 cm.</subfield></datafield><datafield ind1=" " ind2=" " tag="310"><subfield code="a">Weekly</subfield></datafield><datafield ind1="0" ind2=" " tag="362"><subfield code="a">Vol. 1, no. 1 (July 1, 1886)-v. 75, no. 18 (Sept. 29, 1960).</subfield></datafield><datafield ind1=" " ind2=" " tag="500"><subfield code="a">Publisher varies.</subfield></datafield><datafield ind1=" " ind2=" " tag="500"><subfield code="a">Published every Thursday.</subfield></datafield><datafield ind1=" " ind2=" " tag="752"><subfield code="a">United States</subfield><subfield code="b">Kansas</subfield><subfield code="c">Rice</subfield><subfield code="d">Little River.</subfield></datafield><datafield ind1="0" ind2="5" tag="780"><subfield code="t">Comet (Little River, Kan.)</subfield><subfield code="g">Dec. 24, 1891</subfield><subfield code="w">(DLC)sn 85031784</subfield></datafield><datafield ind1="0" ind2="7" tag="785"><subfield code="t">Central Kansas farm journal</subfield><subfield code="w">(DLC)sn 85031786</subfield></datafield><datafield ind1="0" ind2="7" tag="785"><subfield code="t">Rice County monitor-journal</subfield><subfield code="w">(DLC)sn 85031787</subfield></datafield></record>